@InProceedings{Chelaramani_2021_WACV,
    author    = {Chelaramani, Sahil and Gupta, Manish and Agarwal, Vipul and Gupta, Prashant and Habash, Ranya},
    title     = {Multi-Task Knowledge Distillation for Eye Disease Prediction},
    booktitle = {Proceedings of the IEEE/CVF Winter Conference on Applications of Computer Vision (WACV)},
    month     = {January},
    year      = {2021},
    pages     = {3983-3993}
}

@article{OverviewMedical1,
  title={Deep learning in medical image analysis},
  author={Shen, Dinggang and Wu, Guorong and Suk, Heung-Il},
  journal={Annual review of biomedical engineering},
  volume={19},
  pages={221--248},
  year={2017},
  publisher={Annual Reviews}
}
@article{OverviewMedical2,
  title={Deep learning for medical image processing: Overview, challenges and the future},
  author={Razzak, Muhammad Imran and Naz, Saeeda and Zaib, Ahmad},
  journal={Classification in BioApps},
  pages={323--350},
  year={2018},
  publisher={Springer}
}

@article{Multitask1,
  title={Multitask learning},
  author={Caruana, Rich},
  journal={Machine learning},
  volume={28},
  number={1},
  pages={41--75},
  year={1997},
  publisher={Springer}
}

@article{Multitask2,
  title={An overview of multi-task learning in deep neural networks},
  author={Ruder, Sebastian},
  journal={arXiv preprint arXiv:1706.05098},
  year={2017}
}

@article{KD1,
	doi = {10.1007/s11263-021-01453-z},
  
	url = {https://doi.org/10.1007\%2Fs11263-021-01453-z},
  
	year = 2021,
	month = {mar},
  
	publisher = {Springer Science and Business Media {LLC}
},
  
	volume = {129},
  
	number = {6},
  
	pages = {1789--1819},
  
	author = {Jianping Gou and Baosheng Yu and Stephen J. Maybank and Dacheng Tao},
  
	title = {Knowledge Distillation: A Survey},
  
	journal = {International Journal of Computer Vision}
}

@article{MTKD1,
  title={Improving multi-task deep neural networks via knowledge distillation for natural language understanding},
  author={Liu, Xiaodong and He, Pengcheng and Chen, Weizhu and Gao, Jianfeng},
  journal={arXiv preprint arXiv:1904.09482},
  year={2019}
}

@inproceedings{MTKD2,
  title={Knowledge distillation for multi-task learning},
  author={Li, Wei-Hong and Bilen, Hakan},
  booktitle={European Conference on Computer Vision},
  pages={163--176},
  year={2020},
  organization={Springer}
}